<record xmlns:xsi="http://www.w3.org/2001/XMLSchema-instance" xmlns="http://www.loc.gov/MARC21/slim" xsi:schemaLocation="http://www.loc.gov/MARC21/slim http://www.loc.gov/standards/marcxml/schema/MARC21slim.xsd">

  <leader>00406nam a2200145Ia 4500</leader>
  <datafield ind1=" " ind2=" " tag="999">
    <subfield code="c">1677</subfield>
    <subfield code="d">1677</subfield>
  </datafield>
  <controlfield tag="008">180403b2007    cr ||||| |||| 00| 0|spa d</controlfield>
  <datafield ind1=" " ind2=" " tag="090">
    <subfield code="a">06.03.03 </subfield>
    <subfield code="b">1776</subfield>
  </datafield>
  <datafield ind2=" " tag="110" ind1="1">
    <subfield code="a">Costa Rica. Ministerio de Educación Pública</subfield>
    <subfield code="9">545</subfield>
  </datafield>
  <datafield ind1="1" tag="245" ind2="0">
    <subfield code="a">El cole en nuestras manos</subfield>
  </datafield>
  <datafield ind2=" " tag="260" ind1=" ">
    <subfield code="a">San José, Costa Rica : </subfield>
    <subfield code="b">Ministerio de Educación pública, </subfield>
    <subfield code="c">2007</subfield>
  </datafield>
  <datafield ind1=" " ind2=" " tag="300">
    <subfield code="a">19 páginas</subfield>
  </datafield>
  <datafield ind1="1" ind2="4" tag="650">
    <subfield code="a">EDUCACIÓN PÚBLICA </subfield>
    <subfield code="9">394</subfield>
  </datafield>
  <datafield tag="650" ind2="4" ind1="1">
    <subfield code="a">ENSEÑANZA</subfield>
    <subfield code="9">14</subfield>
  </datafield>
  <datafield ind1="1" ind2="4" tag="650">
    <subfield code="a">APRENDIZAJE </subfield>
    <subfield code="9">387</subfield>
  </datafield>
  <datafield tag="651" ind2="4" ind1=" ">
    <subfield code="9">47</subfield>
    <subfield code="a">COSTA RICA</subfield>
  </datafield>
  <datafield ind1=" " tag="942" ind2=" ">
    <subfield code="2">z</subfield>
    <subfield code="c">01</subfield>
  </datafield>
</record>